%
% BibTex Database
% ===========================================================================
% This is part of the document "Project documentation template".
% Authors: brd3
%

@book{kopka:band1,
	author = {Helmut Kopka},
	title = {\LaTeX, Band 1: Eine Einführung},
	publisher = {Pearson Studium},
	journal = {Operations Research},
	volume = {3},
	year = {2002},
	isbn = {3827370388}
}

@misc{wiki:protobufs,
	author = "Wikipedia",
	title = "Protocol Buffers --- Wikipedia{,} The Free Encyclopedia",
	year = "2015",
	url = "http://en.wikipedia.org/w/index.php?title=Protocol_Buffers&oldid=662187371",
	note = "[Online; accessed 24-May-2015]"
}
 
@misc{unity,
	title = {Unity - Game Engine},
	url = {http://unity3d.com/}
}

@misc{protobuf,
	title = {protobuf-net - Fast, portable, binary serialization for .NET},
	url = {https://code.google.com/p/protobuf-net/}
}

@misc{leap,
	title = {Leap Motion - 3D Motion and Gesture Control for Windows \& Mac},
	url = {https://www.leapmotion.com/product/vr}
}

@misc{rift,
	title = {Oculus Rift - Virtual Reality Headset for 3D Gaming},
	url = {https://developer.oculus.com/}
}


@booklet{raichle:bibtex_programmierung,
  title = {Einführung in die {BibTeX}-{P}rogrammierung},
  author = {Bernd Raichle},
  year = {2002},
  institution = {DANTE},
  url = {http://www.dante.de/dante/events/dante2002/handouts/raichle-bibtexprog.pdf}
}

@misc{MiKTeX,
  author = {Christian Schenk},
  title = {{MiKTeX Project Page}},
  url = {http://www.miktex.org/},
}

@misc{KOMA,
  title = {{KOMAScript} documentation project},
  url = {http://koma-script.net.tf},
  key = {KOMA}
}

@misc{TeXnicCenter,
  author = {Sven Wiegand},
  title = {{TeXnicCenter}},
  url = {http://www.TeXnicCenter.org/},
}

@booklet{Marti06,
		author = {Fausi Marti},
		title = {Schreiben über {T}echnik -- {R}edaktion und {G}estaltung von technischen {B}erichten und anderen technikbezogenen {T}exten},
		publisher = {Fausi Marti -- BFH},
		year = {2006},
		organization = {Berner Fachhochschule}
}

@booklet{Erbsland08,
    author = {Tobias Erbsland and Andreas Nitsch},
    title = {Diplomarbeit mit {LaTeX}},
    volume = {1.12},
    year = {2008},
    url = {http://drzoom.ch/project/dml/},
}

@booklet{juergens:einfuehrung,
    author = {Manuela Jürgens},
    title = {LaTeX -- eine {E}inführung und ein bisschen mehr...},
    year = {2000},
    url = {http://www.fernuni-hagen.de/zmi/katalog/A026.shtml},
}

@booklet{juergens:fortgeschritten,
    author = {Manuela Jürgens},
    title = {LaTeX -- {F}ortgeschrittene {A}nwendungen},
    year = {1995},
    url = {http://www.fernuni-hagen.de/zmi/katalog/A027.shtml},
}
